@article{2007.alignment-strategy,
      author        = "Br√ºckman de Renstrom, P",
      title         = "{Alignement strategy for the Inner Detector of ATLAS}",
      collaboration = "ATLAS Collaboration",
      pages         = "12 p",
      year          = "2007",
      url           = "https://cds.cern.ch/record/1047114",
}