% atlas luminosity determination 8tev
@article{2016.atlas-luminosity-8tev,
      author         = "Aaboud, Morad and others",
      title          = "{Luminosity determination in pp collisions at $\sqrt{s}$
                        = 8 TeV using the ATLAS detector at the LHC}",
      collaboration  = "ATLAS",
      journal        = "Eur. Phys. J.",
      volume         = "C76",
      year           = "2016",
      number         = "12",
      pages          = "653",
      doi            = "10.1140/epjc/s10052-016-4466-1",
      eprint         = "1608.03953",
      archivePrefix  = "arXiv",
      primaryClass   = "hep-ex",
      reportNumber   = "CERN-EP-2016-117",
      SLACcitation   = "%%CITATION = ARXIV:1608.03953;%%"
}
@article{2018.atlas-luminosity-lucid2,
  author={G. Avoni and others},
  title={The new LUCID-2 detector for luminosity measurement and monitoring in ATLAS},
  journal={JINST},
  volume={13},
  number={07},
  pages={P07017},
  doi="10.1088/1748-0221/13/07/P07017",
  year={2018},
}

% Muon reconstruction at 13TeV
@article{2016.muon-reconstruction-13tev,
      author         = "Aad, Georges and others",
      title          = "{Muon reconstruction performance of the ATLAS detector in
                        protonâ€“proton collision data at $\sqrt{s}$ =13 TeV}",
      collaboration  = "ATLAS",
      journal        = "Eur. Phys. J.",
      volume         = "C76",
      year           = "2016",
      number         = "5",
      pages          = "292",
      doi            = "10.1140/epjc/s10052-016-4120-y",
      eprint         = "1603.05598",
      archivePrefix  = "arXiv",
      primaryClass   = "hep-ex",
      reportNumber   = "CERN-EP-2016-033",
      SLACcitation   = "%%CITATION = ARXIV:1603.05598;%%"
}

% ATLAS overlap removal recommendations (internal)
@techreport{2014.atlas-overlap-removal,
      author        = "Adams, D and Anastopoulos, C and Andreazza, A and Aoki, M
                       and Asquith, L and Begel, M and Bernlochner, F and
                       Blumenschein, U and Bocci, A and Cheatham, S and Davey, W
                       and Delsart, P-A and DeViveiros, P-O and Dewhurst, A and
                       Duschinger, D and Filthaut, F and Francavilla, P and
                       Garberson, F and Head, S and Henrichs, A and Hoecker, A and
                       Kagan, M and Kersevan, B and Khoo, TJ and Lenzi, B and
                       Lopez Mateos, D and Malaescu, B and Marshall, Z and Martin,
                       T and Meyer, C and Morley, A and Murray, W and zur Nedden,
                       M and Nicolaidou, R and Pagan Griso, S and Pasztor, G and
                       Petroff, P and Pizio, C and Polifka, R and Poveda, X and
                       Reece, R and Ruehr, F and Salvatore, F and Sandstroem, R
                       and Scanlon, T and Scheirich, D and Schramm, S and
                       Schwartzman, A and Suruliz, K and Sutton, M and Thompson, E
                       and Tripiana, M and Tuna, A and Viel, S and Vincter, M and
                       Vivarelli, I and Wielers, M and Wildauer, A and Zinonos, Z",
      title         = "{Recommendations of the Physics Objects and Analysis
                       Harmonisation Study Groups 2014}",
      institution   = "CERN",
      address       = "Geneva",
      number        = "ATL-PHYS-INT-2014-018",
      month         = "Jul",
      year          = "2014",
      reportNumber  = "ATL-PHYS-INT-2014-018",
      url           = "https://cds.cern.ch/record/1743654",
}

% atlas 13tev W+t paper, used for overlap removal description
@article{2018.atlas-wboson-top,
      author         = "Aaboud, Morad and others",
      title          = "{Measurement of the cross-section for producing a W boson
                        in association with a single top quark in pp collisions at
                        $ \sqrt{s}=13 $ TeV with ATLAS}",
      collaboration  = "ATLAS",
      journal        = "JHEP",
      volume         = "01",
      year           = "2018",
      pages          = "063",
      doi            = "10.1007/JHEP01(2018)063",
      eprint         = "1612.07231",
      archivePrefix  = "arXiv",
      primaryClass   = "hep-ex",
      reportNumber   = "CERN-EP-2016-238",
      SLACcitation   = "%%CITATION = ARXIV:1612.07231;%%"
}

% antikt jets
@article{2008.antikt,
     author    = "{M. Cacciari, G. P. Salam, G. Soyez}",
     title     = "{The anti-$k_t$ jet clustering algorithm}",
     journal   = "JHEP",
     volume    = "04",
     year      = "2008",
     pages     = "063",
     eprint         = "0802.1189",
     archivePrefix  = "arXiv",
     primaryClass   = "hep-ph",
     doi       = "10.1088/1126-6708/2008/04/063",
     SLACcitation  = "%%CITATION = 0802.1189;%%"                                                         
}

@article{2016.wz-8tev-prd,
      author        = "{ATLAS Collaboration}",
      title         = "{Measurements of $W^\pm Z$ production cross sections in $pp$ collisions at $\sqrt{s} = 8$ TeV with the ATLAS detector and limits on anomalous gauge boson self-couplings. Measurements of $W^\pm Z$ production cross sections in $pp$ collisions at $\sqrt{s} = 8$ TeV with the ATLAS detector and limits on anomalous gauge boson self-couplings}",
      journal       = "Phys. Rev. D",
      collaboration = "ATLAS Collaboration",
      number        = "CERN-EP-2016-017. CERN-EP-2016-017",
      volume        = "93",
      pages         = "092004. 36 p",
      month         = "Mar",
      year          = "2016",
      reportNumber  = "CERN-EP-2016-017",
      url           = "https://cds.cern.ch/record/2137188",
      note          = "38 pages plus author list + cover pages (56 pages total),
                       16 figures, 9 tables. Submitted to Phys. Rev. D. All
                       figures including auxiliary figures are available at
                       http://atlas.web.cern.ch/Atlas/GROUPS/PHYSICS/PAPERS/STDM-2014-02/",
}

@techreport{2015.wz-8tev-internal,
      author        = "Anger, Philipp and Bachas, Konstantinos and Barnes, Sarah
                       Louise and Bittrich, Carsten and Cole, Stephen and Di
                       Ciaccio, Lucia and Gkaitatzis, Stamatios and Hassani,
                       Samira and Iliadis, Dimitrios and Keoshkerian, Houry and
                       Kobel, Michael and Laporte, Jean-Francois and Lefebvre,
                       Michel and Manjarres Ramos, Joany Andreina and Melzer,
                       Alexander and Oh, Alexander and Ouraou, Ahmimed and
                       Petridou, Chariclia and Sandmann, Tobias and Sauvan,
                       Emmanuel and Schnoor, Ulrike and Socher, Felix and Vest,
                       Anja and Yatsenko, Elena",
      title         = "{A Measurement of $W^{\pm}Z$ Production in Proton-Proton
                       Collisions at $\sqrt s = 8$ TeV with the ATLAS Detector}",
      institution   = "CERN",
      address       = "Geneva",
      number        = "ATL-COM-PHYS-2015-750",
      month         = "Jul",
      year          = "2015",
      reportNumber  = "ATL-COM-PHYS-2015-750",
      url           = "https://cds.cern.ch/record/2035953",
}

@techreport{2014.wz-8tev-support,
      author        = "Anger, P and Bachas, K and Barnes, S and Cole, S and Di
                       Ciaccio, L and Gkaitatzis, S and Hassani, S and Iliadis, D
                       and Keoshkerian, H and Kobel, M and Laporte, J F and
                       Lefebvre, M and Manjarres, J and Melzer, A and Oh, A and
                       Ouraou, A and Petridou, C and Sandmann, T and Sauvan, E and
                       Schnoor, U and Socher, F and Taylor, W and Vest, A and
                       Bittrich, Carsten",
      title         = "{A Measurement of WZ Production in Proton-Proton
                       Collisions at $\mathbf{\sqrt{s} = 8}$ TeV with the ATLAS
                       Detector}",
      institution   = "CERN",
      address       = "Geneva",
      number        = "ATL-COM-PHYS-2014-144",
      month         = "Feb",
      year          = "2014",
      reportNumber  = "ATL-COM-PHYS-2014-144",
      url           = "https://cds.cern.ch/record/1663539",
}

@techreport{2016.wz-13tev-internal,
      author        = "Brendlinger, Kurt and Di Ciaccio, Lucia and Di Clemente,
                       William Kennedy and Iliadis, Dimitrios and Kroll, Joe and
                       Lipeles, Elliot and Machado Miguens, Joana and Petridou,
                       Chariclia and Resseguie, Elodie Deborah and Sauvan,
                       Emmanuel and Yatsenko, Elena and Burger, Angela Maria and
                       Bittrich, Carsten and Kobel, Michael",
      title         = "{Measurement of the $W^{\pm}Z$ boson pair-production cross
                       section in $pp$ collisions at $\sqrt{s}=13$ TeV with the
                       ATLAS Detector}",
      institution   = "CERN",
      address       = "Geneva",
      number        = "ATL-COM-PHYS-2016-042",
      month         = "Jan",
      year          = "2016",
      reportNumber  = "ATL-COM-PHYS-2016-042",
      url           = "https://cds.cern.ch/record/2125294",
}

@techreport{2015.wz-13tev-support,
      author        = "Yatsenko, Elena and Machado Miguens, Joana and Sauvan,
                       Emmanuel and Di Ciaccio, Lucia and Petridou, Chariclia and
                       Brendlinger, Kurt and Lipeles, Elliot and Kroll, Joe and Di
                       Clemente, William Kennedy and Resseguie, Elodie Deborah and
                       Iliadis, Dimitrios and Burger, Angela Maria and Bittrich,
                       Carsten and Kobel, Michael",
      title         = "{Measurement of the $W^{\pm}Z$ boson pair production cross
                       section in $pp$ collisions at $\sqrt{s}=13$ TeV with the
                       ATLAS Detector}",
      institution   = "CERN",
      address       = "Geneva",
      number        = "ATL-COM-PHYS-2015-1502",
      month         = "Dec",
      year          = "2015",
      reportNumber  = "ATL-COM-PHYS-2015-1502",
      url           = "https://cds.cern.ch/record/2113195",
}

% 8 TeV ssWW paper ATLAS
@article{2014.ssww-8tev-atlas,
   author         = "{ATLAS Collaboration}",
      title          = "{Evidence for Electroweak Production of~$W^{\pm}W^{\pm}jj$ in $pp$ Collisions at $\sqrt{s}=8$~TeV with the ATLAS Detector}",
      collaboration  = "ATLAS",
      journal        = "Phys. Rev. Lett.",
      volume         = "113",
      year           = "2014",
      number         = "14",
      pages          = "141803",
      doi            = "10.1103/PhysRevLett.113.141803",
      eprint         = "1405.6241",
      archivePrefix  = "arXiv",
      primaryClass   = "hep-ex",
      reportNumber   = "CERN-PH-EP-2014-079",
      SLACcitation   = "%%CITATION = ARXIV:1405.6241;%%"
}

% 8 TeV ssWW paper CMS
@article{2015-ssww-8tev-cms,
      author         = "Khachatryan, Vardan and others",
      title          = "{Study of vector boson scattering and search for new
                        physics in events with two same-sign leptons and two
                        jets}",
      collaboration  = "CMS",
      journal        = "Phys. Rev. Lett.",
      volume         = "114",
      year           = "2015",
      number         = "5",
      pages          = "051801",
      doi            = "10.1103/PhysRevLett.114.051801",
      eprint         = "1410.6315",
      archivePrefix  = "arXiv",
      primaryClass   = "hep-ex",
      reportNumber   = "CMS-SMP-13-015, CERN-PH-EP-2014-250",
      SLACcitation   = "%%CITATION = ARXIV:1410.6315;%%"
}


% ssWW PRD 
@article{2016.ssww-aqgc-atlas,
   author         = "{ATLAS Collaboration}",
      title          = "{Measurement of $W^{\pm}W^{\pm}$ vector-boson scattering
                        and limits on anomalous quartic gauge couplings with the
                        ATLAS detector}",
      collaboration  = "ATLAS",
      year           = "2016",
      eprint         = "1611.02428",
      archivePrefix  = "arXiv",
      primaryClass   = "hep-ex",
      reportNumber   = "CERN-EP-2016-167",
      SLACcitation   = "%%CITATION = ARXIV:1611.02428;%%"
}

%CMS ssWW paper 13 TeV
@article{2017.ssww-13tev-cms,
      author = "{CMS Collaboration}",
      title          = "{Observation of electroweak production of same-sign W
                        boson pairs in the two jet and two same-sign lepton final
                        state in proton-proton collisions at $\sqrt{s} = $ 13
                        TeV}",
      collaboration  = "CMS",
      year           = "2017",
      eprint         = "1709.05822",
      archivePrefix  = "arXiv",
      primaryClass   = "hep-ex",
      reportNumber   = "CMS-SMP-17-004, CERN-EP-2017-232",
      SLACcitation   = "%%CITATION = ARXIV:1709.05822;%%"
}

% press release run 2 end
@misc{2018.cern-press-run2,
      author        = "Rende Steerenberg",
      title         = "LHC Report: Another run is over and LS2 has just begun...",
      institution   = "CERN",
      year          = 2018,
      howpublished  = {\url{https://home.cern/news/news/accelerators/lhc-report-another-run-over-and-ls2-has-just-begun}},
      note          = {Accessed: 2018-12-14},
}

@book{2015.hllhc-design-report,
      author        = "Apollinari, G and BÃ©jar Alonso, I and BrÃ¼ning, O and
                       Lamont, M and Rossi, L",
      title         = "{High-Luminosity Large Hadron Collider (HL-LHC):
                       Preliminary Design Report}",
      publisher     = "CERN",
      address       = "Geneva",
      series        = "CERN Yellow Reports: Monographs",
      year          = "2015",
      url           = "https://cds.cern.ch/record/2116337",
}

% Phase-I upgrade of ATLAS
@techreport{2011.atlas-phase1-loi,
      title         = "{Letter of Intent for the Phase-I Upgrade of the ATLAS
                       Experiment}",
      institution   = "CERN",
      address       = "Geneva",
      number        = "CERN-LHCC-2011-012. LHCC-I-020",
      month         = "Nov",
      year          = "2011",
      reportNumber  = "CERN-LHCC-2011-012",
      url           = "http://cds.cern.ch/record/1402470",
}

%scoping doc:
@Booklet{2015.atlas-phase2-scoping,
      author         = "{ATLAS Collaboration}",
      title         = "{ATLAS Phase-II Upgrade Scoping Document}",
      institution   = "CERN",
      collaboration = "ATLAS Collaboration",
      address       = "Geneva",
      howpublished        = "CERN-LHCC-2015-020",
      month         = "Sep",
      year          = "2015",
      reportNumber  = "CERN-LHCC-2015-020",
      url           = "http://cds.cern.ch/record/2055248",
}

%CMS scoping doc with VBS section
@Booklet{2015.cms-phase2-scoping,
      author         = "{CMS Collaboration}",
      title         = "{Technical Proposal for the Phase-II Upgrade of the CMS
                       Detector}",
      address       = "Geneva",
      howpublished        = "CERN-LHCC-2015-010",
      month         = "Jun",
      year          = "2015",
      reportNumber  = "CERN-LHCC-2015-010",
      url           = "https://cds.cern.ch/record/2020886",
}

@techreport{2017.ssww-upgrade,
      title         = "{Studies on the impact of an extended Inner Detector tracker and a forward muon tagger on $W^{\pm}W^{\pm}$ scattering in $pp$ collisions at the High-Luminosity LHC with the ATLAS experiment}",
      institution   = "CERN",
      collaboration = "ATLAS Collaboration",
      address       = "Geneva",
      number        = "ATL-PHYS-PUB-2017-023",
      month         = "Dec",
      year          = "2017",
      reportNumber  = "ATL-PHYS-PUB-2017-023",
      url           = "https://cds.cern.ch/record/2298958",
}

@techreport{2018.ssww-upgrade,
      title         = "{Prospects for the measurement of the $W^{\pm}W^{\pm}$
                       scattering cross section and extraction of the longitudinal
                       scattering component in $pp$ collisions at the
                       High-Luminosity LHC with the ATLAS experiment}",
      institution   = "CERN",
      collaboration = "ATLAS Collaboration",
      address       = "Geneva",
      number        = "ATL-PHYS-PUB-2018-052",
      month         = "Dec",
      year          = "2018",
      reportNumber  = "ATL-PHYS-PUB-2018-052",
      url           = "http://cds.cern.ch/record/2652447",
}

@techreport{2018.ssww-upgrade-com-note,
      author        = "Potamianos, Karolos Jozef and Lee, Claire Alexandra and Di
                       Clemente, William Kennedy and Kroll, Joe and Pleier,
                       Marc-Andre and Yacoob, Sahal and Leigh, Matthew",
      title         = "{Prospects for the measurement of the $W^{\pm}W^{\pm}$
                       scattering cross section and extraction of the longitudinal
                       scattering component in $pp$ collisions at the
                       High-Luminosity LHC with the ATLAS experiment}",
      institution   = "CERN",
      address       = "Geneva",
      number        = "ATL-COM-PHYS-2018-1460",
      month         = "Oct",
      year          = "2018",
      reportNumber  = "ATL-COM-PHYS-2018-1460",
      url           = "https://cds.cern.ch/record/2643823",
}

@techreport{2018.ssww-upgrade-support,
      author        = "Potamianos, Karolos Jozef and Di Clemente, William Kennedy
                       and Pleier, Marc-Andre and Lee, Claire Alexandra and Kroll,
                       Joseph Ira and Yacoob, Sahal and Leigh, Matthew",
      title         = "{Prospects for the measurement of the $W^{\pm}W^{\pm}$
                       scattering cross section and extraction of the longitudinal
                       scattering component in $pp$ collisions at the
                       High-Luminosity LHC with the ATLAS experiment.}",
      institution   = "CERN",
      address       = "Geneva",
      number        = "ATL-COM-PHYS-2018-1479",
      month         = "Oct",
      year          = "2018",
      reportNumber  = "ATL-COM-PHYS-2018-1479",
      url           = "https://cds.cern.ch/record/2644264",
}

% RGS optimization
@article{2018.rgs-paper,
      author         = "Bhat, Pushpalatha C. and Prosper, Harrison B. and Sekmen,
                        Sezen and Stewart, Chip",
      title          = "{Optimizing Event Selection with the Random Grid Search}",
      journal        = "Comput. Phys. Commun.",
      volume         = "228",
      year           = "2018",
      pages          = "245-257",
      doi            = "10.1016/j.cpc.2018.02.018",
      eprint         = "1706.09907",
      archivePrefix  = "arXiv",
      primaryClass   = "hep-ph",
      reportNumber   = "FERMILAB-PUB-17-288-PPD",
      SLACcitation   = "%%CITATION = ARXIV:1706.09907;%%"
}

%Asimov significance
@article{2011.asimov-significance,
      author         = "Cowan, Glen and Cranmer, Kyle and Gross, Eilam and
                        Vitells, Ofer",
      title          = "{Asymptotic formulae for likelihood-based tests of new
                        physics}",
      journal        = "Eur. Phys. J.",
      volume         = "C71",
      year           = "2011",
      pages          = "1554",
      doi            = "10.1140/epjc/s10052-011-1554-0,
                        10.1140/epjc/s10052-013-2501-z",
      note           = "[Erratum: Eur. Phys. J.C73,2501(2013)]",
      eprint         = "1007.1727",
      archivePrefix  = "arXiv",
      primaryClass   = "physics.data-an",
      SLACcitation   = "%%CITATION = ARXIV:1007.1727;%%"                                                 
}

%----------------------------------------------------
% longitudinal ww scattering theory
%----------------------------------------------------
@article{2013.longitudinal-theory,
      author         = "Espriu, Domenec and Yencho, Brian",
      title          = "{Longitudinal $WW$ scattering in light of the ``Higgs boson'' discovery}",
      journal        = "Phys. Rev. D",
      volume         = "87",
      year           = "2013",
      issue          = "5",
      pages          = "055017",
      doi            = "10.1103/PhysRevD.87.055017",
      eprint         = "1212.4158",
      archivePrefix  = "arXiv",
      primaryClass   = "hep-ph",
      SLACcitation   = "%%CITATION = ARXIV:1610.07572;%%"                                                
}

@article{1977.ben-lee-weak-interactions,
      author         = "Lee, Benjamin W. and Quigg, C. and Thacker, H. B.",
      title          = "{The Strength of Weak Interactions at Very High-Energies
                        and the Higgs Boson Mass}",
      journal        = "Phys. Rev. Lett.",
      volume         = "38",
      year           = "1977",
      pages          = "883-885",
      doi            = "10.1103/PhysRevLett.38.883",
      reportNumber   = "FERMILAB-PUB-77-022-THY, FERMILAB-PUB-77-022-T",
      SLACcitation   = "%%CITATION = PRLTA,38,883;%%"                                                    
}

@article{1977.ben-lee-weak-interactions-physrevd,
      author         = "Lee, Benjamin W. and Quigg, C. and Thacker, H. B.",
      title          = "{Weak Interactions at Very High-Energies: The Role of the
                        Higgs Boson Mass}",
      journal        = "Phys. Rev. D",
      volume         = "16",
      year           = "1977",
      pages          = "1519",
      doi            = "10.1103/PhysRevD.16.1519",
      reportNumber   = "FERMILAB-PUB-77-030-THY, FERMILAB-PUB-77-030-T",
      SLACcitation   = "%%CITATION = PHRVA,D16,1519;%%"                                                  
}

@article{2016.ssww-polarization,
      author         = "Searcy, Jacob and Huang, Lillian and Pleier, Marc-Andr{\'e}
                        and Zhu, Junjie",
      title          = "{Determination of the $WW$ polarization fractions in $pp
                        \to W^\pm W^\pm jj$ using a deep machine learning
                        technique}",
      journal        = "Phys. Rev. D",
      volume         = "93",
      year           = "2016",
      number         = "9",
      pages          = "094033",
      doi            = "10.1103/PhysRevD.93.094033",
      eprint         = "1510.01691",
      archivePrefix  = "arXiv",
      primaryClass   = "hep-ph",
      SLACcitation   = "%%CITATION = ARXIV:1510.01691;%%"
}


%Marc-Andre's review on vbf/vbs
@article{2017.multiboson-at-lhc,
      author         = "Green, Daniel R. and Meade, Patrick and Pleier,
                        Marc-Andre",
      title          = "{Multiboson interactions at the LHC}",
      journal        = "Rev. Mod. Phys.",
      volume         = "89",
      year           = "2017",
      number         = "3",
      pages          = "035008",
      doi            = "10.1103/RevModPhys.89.035008",
      eprint         = "1610.07572",
      archivePrefix  = "arXiv",
      primaryClass   = "hep-ex",
      SLACcitation   = "%%CITATION = ARXIV:1610.07572;%%"                                                
}

% upgraded atlas electron performance study
@techreport{2016.upgrade-electron-performance,
      title         = "{Expected performance for an upgraded ATLAS detector at
                       High-Luminosity LHC}",
      institution   = "CERN",
      collaboration = "ATLAS Collaboration",
      address       = "Geneva",
      number        = "ATL-PHYS-PUB-2016-026",
      month         = "Oct",
      year          = "2016",
      reportNumber  = "ATL-PHYS-PUB-2016-026",
      url           = "http://cds.cern.ch/record/2223839",
}

% muon phase II upgrade TDR -- for momentum resolution, if i decide to cite anything
@techreport{2017.upgrade-muon-tdr,
      author        = "Goblirsch-Kolb, Maximilian and Schillaci, Zachary Michael
                       and Rosati, Stefano and Corradi, Massimo and Sforza,
                       Federico",
      title         = "{Muon Phase II TDR: Preliminary Public Plots}",
      institution   = "CERN",
      address       = "Geneva",
      number        = "ATL-COM-PHYS-2017-1581",
      month         = "Oct",
      year          = "2017",
      reportNumber  = "ATL-COM-PHYS-2017-1581",
      url           = "https://cds.cern.ch/record/2289901",
}

% ATLAS ssww 13TeV
@techreport{2018.ssww-13tev-atlas-conf,
      title         = "{Observation of electroweak production of a same-sign $W$
                       boson pair in association with two jets in $pp$ collisions
                       at $\sqrt{s}=13$ TeV with the ATLAS detector}",
      institution   = "CERN",
      collaboration = "ATLAS Collaboration",
      address       = "Geneva",
      number        = "ATLAS-CONF-2018-030",
      month         = "Jul",
      year          = "2018",
      reportNumber  = "ATLAS-CONF-2018-030",
      url           = "https://cds.cern.ch/record/2629411",
}

@techreport{2018.ssww-13tev-atlas-support,
      author        = "Bittrich, Carsten and Di Clemente, William Kennedy and
                       Duffield, Emily Marie and Geng, Cong and Gonella, Giulia
                       and Guo, Jun and Heinemann, Beate and Herrmann, Tim and
                       Iltzsche Speiser, Franziska and Kobel, Michael and Koeneke,
                       Karsten and Kroll, Joseph Ira and Li, Shu and Liu, Jianbei
                       and Liu, Yanlin and Manjarres Ramos, Joany Andreina and
                       Azuelos, Georges and Lee, Claire Alexandra and Mittal,
                       Monika and Mwewa, Chilufya and Ospanov, Rustem and Pagan
                       Griso, Simone and Potamianos, Karolos Jozef and Shapiro,
                       Marjorie and Sommer, Philip and Todt, Stefanie and Wu,
                       Yusheng and Xu, Wenhao and Yacoob, Sahal and Yang, Haijun
                       and Zhang, Liqing and Zhao, Zhengguo and Zhou, Bing and
                       Zhu, Junjie and Pleier, Marc-Andre",
      title         = "{Support note for measurement of electroweak $W^\pm W^\pm
                       jj$ production at $\sqrt{s}=13$~TeV}",
      institution   = "CERN",
      address       = "Geneva",
      number        = "ATL-COM-PHYS-2018-252",
      month         = "Mar",
      year          = "2018",
      reportNumber  = "ATL-COM-PHYS-2018-252",
      url           = "https://cds.cern.ch/record/2309552",
}

@techreport{2018.ssww-13tev-atlas-internal,
      author        = "Bittrich, Carsten and Di Clemente, William Kennedy and
                       Duffield, Emily Marie and Geng, Cong and Gonella, Giulia
                       and Guo, Jun and Heinemann, Beate and Herrmann, Tim and
                       Iltzsche Speiser, Franziska and Kobel, Michael and Koeneke,
                       Karsten and Kroll, Joe and Lee, Claire Alexandra and Li,
                       Shu and Liu, Jianbei and Liu, Yanlin and Manjarres Ramos,
                       Joany Andreina and Mittal, Monika and Mwewa, Chilufya and
                       Ospanov, Rustem and Pagan Griso, Simone and Pleier,
                       Marc-Andre and Potamianos, Karolos Jozef and Shapiro,
                       Marjorie and Sommer, Philip and Todt, Stefanie and Wu,
                       Yusheng and Xu, Wenhao and Yacoob, Sahal and Yang, Haijun
                       and Zhang, Liqing and Zhao, Zhengguo and Zhou, Bing and
                       Zhu, Junjie",
      title         = "{Observation of electroweak production of a same-sign $W$
                       boson pair in association with two jets in $pp$ collisions
                       at $\sqrt{s}=13$ TeV with the ATLAS detector}",
      institution   = "CERN",
      address       = "Geneva",
      number        = "ATL-COM-PHYS-2018-745",
      month         = "Jun",
      year          = "2018",
      reportNumber  = "ATL-COM-PHYS-2018-745",
      url           = "https://cds.cern.ch/record/2621617",
}

% 8 TeV ssWW paper ATLAS
@article{2014.ssww-8tev-atlas,
   author         = "{ATLAS Collaboration}",
      title          = "{Evidence for Electroweak Production of~$W^{\pm}W^{\pm}jj$ in $pp$ Collisions at $\sqrt{s}=8$~TeV with the ATLAS Detector}",
      collaboration  = "ATLAS",
      journal        = "Phys. Rev. Lett.",
      volume         = "113",
      year           = "2014",
      number         = "14",
      pages          = "141803",
      doi            = "10.1103/PhysRevLett.113.141803",
      eprint         = "1405.6241",
      archivePrefix  = "arXiv",
      primaryClass   = "hep-ex",
      reportNumber   = "CERN-PH-EP-2014-079",
      SLACcitation   = "%%CITATION = ARXIV:1405.6241;%%"
}

% 8 TeV ssWW paper CMS
@article{2015.ssww-8tev-cms,
      author         = "Khachatryan, Vardan and others",
      title          = "{Study of vector boson scattering and search for new
                        physics in events with two same-sign leptons and two
                        jets}",
      collaboration  = "CMS",
      journal        = "Phys. Rev. Lett.",
      volume         = "114",
      year           = "2015",
      number         = "5",
      pages          = "051801",
      doi            = "10.1103/PhysRevLett.114.051801",
      eprint         = "1410.6315",
      archivePrefix  = "arXiv",
      primaryClass   = "hep-ex",
      reportNumber   = "CMS-SMP-13-015, CERN-PH-EP-2014-250",
      SLACcitation   = "%%CITATION = ARXIV:1410.6315;%%"
}

% 13 tev ssww cms
@techreport{CMS-PAS-SMP-17-004,
      title         = "{Observation of electroweak production of same-sign W
                       boson pairs in the two jet and two same-sign lepton final
                       state in proton-proton collisions at 13 TeV}",
      institution   = "CERN",
      collaboration = "CMS Collaboration",
      address       = "Geneva",
      number        = "CMS-PAS-SMP-17-004",
      year          = "2017",
      reportNumber  = "CMS-PAS-SMP-17-004",
      url           = "https://cds.cern.ch/record/2264525",
}

% WW scattering higgs theory
%author         = "Szleper, MichaÅ‚",
@article{2014.higgs-WW-scattering-theory,
      author         = "SZleper, Micha\l{}",
      title          = "{The Higgs boson and the physics of $WW$ scattering
                        before and after Higgs discovery}",
      year           = "2014",
      eprint         = "1412.8367",
      archivePrefix  = "arXiv",
      primaryClass   = "hep-ph",
      SLACcitation   = "%%CITATION = ARXIV:1412.8367;%%"
}

@article{2018.ssww-scattering-at-lhc,
      author         = "Ballestrero, Alessandro and others",
      title          = "{Precise predictions for same-sign W-boson scattering at
                        the LHC}",
      journal        = "Eur. Phys. J.",
      volume         = "C78",
      year           = "2018",
      number         = "8",
      pages          = "671",
      doi            = "10.1140/epjc/s10052-018-6136-y",
      eprint         = "1803.07943",
      archivePrefix  = "arXiv",
      primaryClass   = "hep-ph",
      reportNumber   = "DESY-18-025, FR-PHENO-2018-003, KA-TP-05-2018,
                        MCNET-18-06, NIKHEF-2018-012, UWTHPH-2018-12,
                        VBSCAN-PUB-01-18, ZU-TH-08-18",
      SLACcitation   = "%%CITATION = ARXIV:1803.07943;%%"
}