@book{TDR-ID1,
    title         = "{ATLAS inner detector: Technical Design Report, Vol. 1}",
    publisher     = "CERN",
    collaboration = "ATLAS",
    address       = "Geneva",
    year          = "1997",
    url           = "https://cds.cern.ch/record/331063",
}

@book{TDR-ID2,
    title         = "{ATLAS inner detector: Technical Design Report, Vol. 2}",
    publisher     = "CERN",
    collaboration = "ATLAS",
    address       = "Geneva",
    year          = "1997",
    url           = "https://cds.cern.ch/record/331064",
}

@book{TDR-LAr,
    title         = "{ATLAS liquid-argon calorimeter: Technical Design Report}",
    publisher     = "CERN",
    collaboration = "ATLAS",
    address       = "Geneva",
    year          = "1996",
    url           = "https://cds.cern.ch/record/331061",
}

@book{TDR-Tile,
    title         = "{ATLAS tile calorimeter: Technical Design Report}",
    publisher     = "CERN",
    collaboration = "ATLAS",
    address       = "Geneva",
    year          = "1996",
    url           = "https://cds.cern.ch/record/331062",
}

@book{TDR-MS,
    title         = "{ATLAS muon spectrometer: Technical Design Report}",
    publisher     = "CERN",
    collaboration = "ATLAS",
    address       = "Geneva",
    year          = "1997",
    url           = "https://cds.cern.ch/record/331068",
}

@article{2008-JINST-3-P07007,
    author    = "Aad, G. and others",
    title     = "{ATLAS pixel detector electronics and sensors}",
    journal   = "JINST",
    volume    = "3",
    pages     = "P07007",
    year      = "2008",
    doi       = "10.1088/1748-0221/3/07/P07007",
}

@article{2008-JINST-3-P02013,
    author    = "Abat, E. and others",
    title     = "{The ATLAS Transition Radiation Tracker (TRT) proportional drift tube: Design and performance}",
    journal   = "JINST",
    volume    = "3",
    pages     = "P02013",
    year      = "2008",
    doi       = "10.1088/1748-0221/3/02/P02013",
}

@article{2008-JINST-3-P02014,
    author    = "Abat, E. and others",
    title     = "{The ATLAS TRT Barrel Detector}",
    journal   = "JINST",
    volume    = "3",
    pages     = "P02014",
    year      = "2008",
    doi       = "10.1088/1748-0221/3/02/P02014",
}

@article{2008-JINST-3-P10003,
    author    = "Abat, E. and others",
    title     = "{The ATLAS TRT end-cap detectors}",
    journal   = "JINST",
    volume    = "3",
    pages     = "P10003",
    year      = "2008",
    doi       = "10.1088/1748-0221/3/10/P10003",
}

@article{2008-JINST-3-P03001,
    author    = "Achenbach, R. and others",
    title     = "{The ATLAS level-1 calorimeter trigger}",
    journal   = "JINST",
    volume    = "3",
    pages     = "P03001",
    year      = "2008",
    doi       = "10.1088/1748-0221/3/03/P03001",
}

@article{2007-NIM-SCT,
    author    = "Ahmad, A. and others",
    title     = "{The Silicon microstrip sensors of the ATLAS semiconductor tracker}",
    journal   = "Nucl. Instrum. Meth.",
    volume    = "A578",
    year      = "2007",
    pages     = "98-118",
    doi       = "10.1016/j.nima.2007.04.157",
}

ATLAS Physics TDR
@book{1999.ATLAS.Physics-TDR,
    author       = "",
    collaboration  = "{ATLAS}",
    title        = "{ATLAS} detector and physics performance: Technical Design Report",
    publisher    = "CERN",
    address      = "Geneva",
    year         = "1999",
    howpublished = "{ATLAS-TDR-014, CERN/LHCC 99-14}",
}

ATLAS Computing TDR
@book{2005.ATLAS.Computing-TDR,
    title        = "Atlas Computing: technical design report",
    publisher    = "CERN",
    address      = "Geneva",
    year         = "2005",
}
https://cds.cern.ch/record/837738

ATLAS detector paper
@article{2008.ATLAS.detector-paper,
    author         = "",
    collaboration  = "{ATLAS}",
    title = "{The ATLAS experiment at the CERN Large Hadron Collider}",
    journal   = "JINST",
    volume    = "3",
    year      = "2008",
    pages     = "S08003"
}
    howpublished = "\href{http://jinst.sissa.it/LHC/}{http://jinst.sissa.it/LHC/}",

CSC Book
@book{2008.ATLAS.CSC-book,
    author        = "",
    collaboration = "{ATLAS}",
    title        = "{Expected performance of the ATLAS experiment: detector,
                      trigger and physics}",
    publisher    = "CERN",
    address      = "Geneva",
    year         = "2008",
    eprint       = "arXiv:0901.0512",
    howpublished = "\href{https://cds.cern.ch/record/1125884}{CERN-OPEN-2008-020}",
}
    note         = "CERN-OPEN-2008-020",

@article{2009.ATLAS.performance-first-collisions,
      author         = "",
      collaboration  = "{ATLAS}",
      title          = "{Performance of the ATLAS detector using first collision data}",
      journal        = "JHEP",
      volume         = "1009",
      pages          = "056",
      doi            = "10.1007/JHEP09(2010)056",
      year           = "2010",
      eprint         = "1005.5254",
      archivePrefix  = "arXiv",
      primaryClass   = "hep-ex",
      SLACcitation   = "%%CITATION = ARXIV:1005.5254;%%",
}

@article{2010.ATLAS.simulation-infrastructure,
    author          = "", 
    collaboration   = "{ATLAS}",
    title = "{The ATLAS simulation infrastructure}",
    journal        = "Eur.Phys.J.C",
    year           = "2010",
    volume         = "{70}",
    eprint         = "1005.4568",
    archivePrefix  = "arXiv",
    primaryClass   = "physics.ins-det",
}
    doi = {10.1140/epjc/s10052-010-1429-9},

@misc{ATL-D-ES-0019,
    author       = "Anjos, A and Beck, H and Gorini, B",
    title        = "{The raw event format in the ATLAS Trigger \& DAQ, version 4.0}",
    institution  = {CERN},
    address      = "Geneva",
    howpublished = "{ATL-D-ES-0019}",
    year         = "2008",
}

@misc{ATL-DQ-EN-0021,
    author       = "Beck, H and Gadomski, S",
    title        = "{Format of the data files written by EventStorage library of ATLAS TDAQ}",
    institution  = {CERN},
    address      = "Geneva",
    howpublished = "{ATL-DQ-EN-0021}",
    year         = "2008",
}

TRT Straw Geometry
@misc{ATL-COM-INDET-2010-002,
      author       = "Fratina, S and Klinkby, E",
      title        = "The Geometry of the ATLAS Transition Radiation Tracker",
      institution  = "CERN",
      address      = "Geneva",
      howpublished = "\href{https://cds.cern.ch/record/1232064}{ATL-COM-INDET-2010-002}",
      year         = "2010",
}
      month        = "Jan",

@misc{ATLAS-CONF-2011-128,
    title        = "Particle identification performance of the ATLAS Transition
                    Radiation Tracker",
    institution  = "CERN",
    address      = "Geneva",
    howpublished = "\href{https://cds.cern.ch/record/1383793}{ATLAS-CONF-2011-128}",
    year         = "2011",
}
    month        = "Sep",
