% atlas luminosity summary plots
@online{2019.atlas-lumi-plots,
     author = "{ATLAS Collaboration}",
     title  = "{ATLAS Experiment -- Public Results: Luminosity Public Results Run 2}",
     month  = "February",
     year   = "2019",
     url    = "https://twiki.cern.ch/twiki/bin/view/AtlasPublic/LuminosityPublicResultsRun2",
}

% CERN accelerator complex
@online{2019.accelerator-complex,
     author = "{CERN}",
     title  = "{The accelerator complex}",
     month  = "February",
     year   = "2019",
     url    = "https://home.cern/science/accelerators/accelerator-complex",
}
@article{2016.accelerator-image,
      author        = "Mobs, Esma",
      title         = "{The CERN accelerator complex. Complexe des
                       accélérateurs du CERN}",
      month         = "Jul",
      year          = "2016",
      reportNumber  = "OPEN-PHO-ACCEL-2016-009",
      url           = "https://cds.cern.ch/record/2197559",
      note          = "General Photo",
}

%luminosity
@article{2006.lumi,
      author        = "Herr, Werner and Muratori, B",
      title         = "{Concept of luminosity}",
      year          = "2006",
      url           = "https://cds.cern.ch/record/941318",
}

% other detectors
@article{2008.alice,
      author         = "Aamodt, K. and others",
      title          = "{The ALICE experiment at the CERN LHC}",
      collaboration  = "ALICE",
      journal        = "JINST",
      volume         = "3",
      year           = "2008",
      pages          = "S08002",
      doi            = "10.1088/1748-0221/3/08/S08002",
      SLACcitation   = "%%CITATION = JINST,3,S08002;%%"
}
@article{2008.lhcb,
      author         = "Alves, Jr., A. Augusto and others",
      title          = "{The LHCb Detector at the LHC}",
      collaboration  = "LHCb",
      journal        = "JINST",
      volume         = "3",
      year           = "2008",
      pages          = "S08005",
      doi            = "10.1088/1748-0221/3/08/S08005",
      SLACcitation   = "%%CITATION = JINST,3,S08005;%%"
}
@article{2008.cms,
      author         = "Chatrchyan, S. and others",
      title          = "{The CMS Experiment at the CERN LHC}",
      collaboration  = "CMS",
      journal        = "JINST",
      volume         = "3",
      year           = "2008",
      pages          = "S08004",
      doi            = "10.1088/1748-0221/3/08/S08004",
      SLACcitation   = "%%CITATION = JINST,3,S08004;%%"
}
