#------------------------------------------------------------------------------
# used in thesis, reverse chronological from publication date

@article{2003.GEANT4,
     author    = "Agostinelli, S. and others",
     title     = "{GEANT4 - a simulation toolkit}",
     journal   = "Nucl. Instrum. Meth.",
     volume    = "A506",
     year      = "2003",
     pages     = "250-303",
     doi       = "10.1016/0168-9002(03)01368-8",
}

@article{2009.Powheg_ggF,
      author    = "Alioli, Simone and Nason, Paolo and Oleari, Carlo and Re, Emanuele",
      title     = "{NLO Higgs boson production via gluon fusion matched with shower in POWHEG}",
      journal   = "JHEP",
      volume    = "04",
      year      = "2009",
      pages     = "002",
      doi       = "10.1088/1126-6708/2009/04/002",
      eprint    = "0812.0578",
      archivePrefix = "arXiv",
      primaryClass  =  "hep-ph",
}

@article{2010.Powheg_VBF,
      author    = "Nason, Paolo and Oleari, Carlo",
      title     = "{NLO Higgs boson production via vector-boson fusion matched with shower in POWHEG}",
      journal   = "JHEP",
      volume    = "02",
      year      = "2010",
      pages     = "037",
      doi       = "10.1007/JHEP02(2010)037",
      eprint    = "0911.5299",
      archivePrefix = "arXiv",
      primaryClass  =  "hep-ph",
}

@article{2006.Pythia6,
      author    = "Sjostrand, Torbjorn and Mrenna, Stephen and Skands, Peter",
      title     = "{PYTHIA 6.4 physics and manual}",
      journal   = "JHEP",
      volume    = "{05}",
      year      = "2006",
      pages     = "026",
      eprint    = "0603175",
      archivePrefix = "arXiv",
      primaryClass  =  "hep-ph",
}

@article{2008.Pythia8,
      author    = "Sjostrand, Torbjorn and Mrenna, Stephen and Skands, Peter",
      title     = "{A Brief Introduction to PYTHIA 8.1}",
      journal   = "Comput. Phys. Commun.",
      volume    = "178",
      year      = "2008",
      pages     = "852-867",
      doi       = "10.1016/j.cpc.2008.01.036",
      eprint    = "0710.3820",
      archivePrefix = "arXiv",
      primaryClass  =  "hep-ph",
}

@article{2015.Pythia82,
      author         = "Sj{\"o}strand, Torbj{\"o}rn and Ask, Stefan and Christiansen,
                        Jesper R. and Corke, Richard and Desai, Nishita and Ilten,
                        Philip and Mrenna, Stephen and Prestel, Stefan and
			Rasmussen, Christine O. and Skands, Peter Z.",
      title          = "{An Introduction to PYTHIA 8.2}",
      journal        = "Comput. Phys. Commun.",
      volume         = "191",
      year           = "2015",
      pages          = "159-177",
      doi            = "10.1016/j.cpc.2015.01.024",
      eprint         = "1410.3012",
      archivePrefix  = "arXiv",
      primaryClass   = "hep-ph",
      reportNumber   = "LU-TP-14-36, MCNET-14-22, CERN-PH-TH-2014-190,
			FERMILAB-PUB-14-316-CD, DESY-14-178, SLAC-PUB-16122,
                        --FERMILAB-PUB-14-316-CD",
      SLACcitation   = "%%CITATION = ARXIV:1410.3012;%%"                                                 
}

@article{2009.Sherpa,
      author    = "Gleisberg, T. and others",
      title     = "{Event generation with SHERPA 1.1}",
      journal   = "JHEP",
      volume    = "02",
      pages     = "007",
      year      = "2009",
      doi       = "10.1088/1126-6708/02/007",
      eprint    = "0811.4622",
      archivePrefix = "arXiv",
      primaryClass  = "hep-ph",
}

@article{2008.Comix,
      author    = {Gleisberg, Tanju and H{\"o}che, Stefan},
      title     = "{Comix, a new matrix element generator}",
      journal   = "JHEP",
      volume    = "12",
      pages     = "039",
      year      = "2008",
      doi       = "10.1088/1126-6708/2008/039",
      eprint    = "0808.3674",
      archivePrefix = "arXiv",
      primaryClass  = "hep-ph",
}

@article{2012.Openloops,
      author    = {Cascioli, Fabio and Maierhofer, Philipp and Pozzorini, Stefano},
      title     = "{Scattering Amplitudes with Open Loops}",
      journal   = "Phys. Rev. Lett.",
      volume    = "108",
      pages     = "111601",
      year      = "2012",
      doi       = "10.1103/PhysRevLett.108.111601",
      eprint    = "1111.5206",
      archivePrefix = "arXiv",
      primaryClass  = "hep-ph",
}

@article{2008.CS_Shower,
      author    = "Schumann, Steffen and Krauss, Frank",
      title     = "{A parton shower algorithm based on Catani-Seymour dipole factorization}",
      journal   = "JHEP",
      volume    = "03",
      pages     = "038",
      year      = "2008",
      doi       = "10.1088/1126-6708/2008/03/038",
      eprint    = "0709.1027",
      archivePrefix = "arXiv",
      primaryClass  = "hep-ph",
}

@article{2013.MEPSatNLO,
      author    = {H{\"o}che, Stefan and Krauss, Frank and Sch{\"o}nherr, Marek and Siegert, Frank},
      title     = "{QCD matrix elements + parton showers. The NLO case}",
      journal   = "JHEP",
      volume    = "04",
      pages     = "027",
      year      = "2013",
      doi       = "10.1007/JHEP04(2013)027",
      eprint    = "1207.5030",
      archivePrefix = "arXiv",
      primaryClass  = "hep-ph",
}

@article{2001.CKKW,
      author    = {Catani, S. and Krauss, F. and Kuhn, R. and Webber, B. R.},
      title     = "{QCD matrix elements + parton showers}",
      journal   = "JHEP",
      volume    = "11",
      pages     = "063",
      year      = "2001",
      doi       = "10.1088/1126-6708/2001/11/063",
      eprint    = "hep-ph/0109231",
      archivePrefix = "arXiv",
      primaryClass  = "hep-ph",
}

@article{2009.METS,
      author    = {H{\"o}che, Stefan and Krauss, Frank and Schumann, Steffen and Siegert, Frank},
      title     = "{QCD matrix elements and truncated showers}",
      journal   = "JHEP",
      volume    = "05",
      pages     = "053",
      year      = "2009",
      doi       = "10.1088/1126-6708/2009/05/053",
      eprint    = "0903.1219",
      archivePrefix = "arXiv",
      primaryClass  = "hep-ph",
}

@article{2011.METS,
      author    = {H{\"o}che, Stefan and Krauss, Frank and Sch{\"o}nherr, Marek and Siegert, Frank},
      title     = "{NLO matrix elements and truncated showers}",
      journal   = "JHEP",
      volume    = "08",
      pages     = "123",
      year      = "2011",
      doi       = "10.1007/JHEP08(2011)123",
      eprint    = "1009.1127",
      archivePrefix = "arXiv",
      primaryClass  = "hep-ph",
}

@article{2014.MG5_aMC,
      author    = "Alwall, J. and others",
      title     = "{The automated computation of tree-level and next-to-leading order differential cross sections, and their matching to parton shower simulations}",
      journal   = "JHEP",
      volume    = "07",
      pages     = "079",
      year      = "2014",
      doi       = "10.1007/JHEP07(2014)079",
      eprint    = "1405.0301",
      archivePrefix = "arXiv",
      primaryClass  = "hep-ph",
}

@article{2015.HAWK,
      author    = {Denner, A. and Dittmaier, S. and Kallweit, S. and M{\"u}ck, A.},
      title     = "{HAWK 2.0: A Monte Carlo program for Higgs production in vector-boson fusion and Higgs strahlung at hadron colliders}",
      journal   = "Comput. Phys. Commun.",
      volume    = "195",
      pages     = "161-171",
      year      = "2015",
      doi       = "10.1016/j.cpc.2015.04.021",
      eprint    = "1412.5390",
      archivePrefix = "arXiv",
      primaryClass  = "hep-ph",
}

@article{2008.NNPDF,
      author    = "Ball, R. D. and others",
      title     = "{A determination of parton distributions with faithful uncertainty estimation}",
      journal   = "Nucl. Phys. B",
      volume    = "809",
      pages     = "1-63",
      year      = "2009",
      doi       = "10.1016/j.nuclphysb.2008.09.037",
      eprint    = "0808.1231",
      archivePrefix = "arXiv",
      primaryClass  = "hep-ph",
}

@article{2015.NNPDF3,
      author    = "Ball, R. D. and others",
      title     = "{Parton distributions for the LHC Run II}",
      journal   = "JHEP",
      volume    = "04",
      pages     = "040",
      year      = "2015",
      doi       = "10.1007/JHEP04(2015)040",
      eprint    = "1410.8849",
      archivePrefix = "arXiv",
      primaryClass  = "hep-ph",
}

@article{1999.MCFM,
      author    = "Campbell, John M. and Ellis, R. Keith",
      title     = "{An update on vector boson pair production at hadron colliders}",
      journal   = "Phys. Rev. D",
      volume    = "60",
      year      = "1999",
      pages     = "113006",
      doi       = "10.1103/PhysRevD.60.113006",
      eprint    = "hep-ph/9905386",
      archivePrefix = "arXiv",
      primaryClass  = "hep-ph",
}

@article{2011.MCFM,
      author    = "Campbell, John M. and Ellis, R. Keith and Williams, Ciaran",
      title     = "{Vector boson pair production at the LHC}",
      journal   = "JHEP",
      volume    = "07",
      year      = "2011",
      pages     = "018",
      doi       = "10.1007/JHEP07(2011)018",
      eprint    = "1105.0020",
      archivePrefix = "arXiv",
      primaryClass  = "hep-ph",
}

@article{2004.FEWZ,
      author    = "Anastasiou, C. and Dixon, L. J. and Melnikov, K. and Petriello, F.",
      title     = "{High precision QCD at hadron colliders: Electroweak gauge boson rapidity distributions at NNLO}",
      journal   = "Phys. Rev. D",
      volume    = "69",
      year      = "2004",
      pages     = "094008",
      doi       = "10.1103/PhysRevD.69.094008",
      eprint    = "hep-ph/0312266",
      archivePrefix = "arXiv",
      primaryClass  = "hep-ph",
}

@article{2008.Herwig,
      author    = "Bahr, M. and others",
      title     = "{Herwig++ Physics and Manual}",
      journal   = "Eur. Phys. J. C",
      volume    = "58",
      year      = "2008",
      pages     = "639-707",
      doi       = "10.1140/epjc/s10052-008-0798-9",
      eprint    = "0803.0883",
      archivePrefix = "arXiv",
      primaryClass  = "hep-ph",
}

@article{2016.Herwig,
      author    = "Bellm, Johannes and others",
      title     = "{Herwig 7.0/Herwig++ 3.0 release note}",
      journal   = "Eur. Phys. J. C",
      volume    = "76",
      year      = "2016",
      pages     = "196",
      doi       = "10.1140/epjc/s10052-016-4018-8",
      eprint    = "1512.01178",
      archivePrefix = "arXiv",
      primaryClass  = "hep-ph",
}

#------------------------------------------------------------------------------
# not yet used in thesis

Jimmy
@article{1996.Jimmy,
     author    = "Butterworth, J. M. and Forshaw, Jeffrey R. and Seymour, M. H.",
     title     = "Multiparton interactions in photoproduction at HERA",
     journal   = "Z.Phys.C",
     volume    = "{72}",
     year      = "1996",
     pages     = "637-646",
     eprint    = "hep-ph/9601371",
     archivePrefix = "arXiv",
     doi       = "10.1007/s002880050286",
     SLACcitation  = "%%CITATION = HEP-PH/9601371;%%"
}

Herwig
@article{2001.Herwig,
     author    = "{G. Corcella~$et~al.$}",
     title          = "{HERWIG 6: An Event generator for hadron emission
                       reactions with interfering gluons (including
                       supersymmetric processes)}",
     journal        = "{JHEP}",
     volume         = "{0101}",
     pages          = "010",
     year           = "2001",
     eprint         = "hep-ph/0011363",
     archivePrefix  = "arXiv",
     primaryClass   = "hep-ph",
     reportNumber   = "CAVENDISH-HEP-99-03, CERN-TH-2000-284, RAL-TR-2000-048",
     SLACcitation   = "%%CITATION = HEP-PH/0011363;%%",
}

Herwig
@article{2002.Herwig,
     author    = "{G. Corcella~$et~al.$}",
     title     = "{HERWIG 6.5 release note}",
     year      = "2002",
     eprint    = "hep-ph/0210213",
     archivePrefix = "arXiv",
     SLACcitation  = "%%CITATION = HEP-PH/0210213;%%"
}

MCatNLO
@article{2002.MCNLO,
    author = "{S. Frixione and B. R. Webber}",
    title = "Matching NLO QCD computations and parton shower simulations",
    journal = "{JHEP}",
    volume = "{0206}",
    pages = {029},
    year = {2002},
}
    eprint    = "0204244",
    archivePrefix = "arXiv",
    primaryClass  =  "hep-ph",
    url = {doi:10.1088/1126-6708/2002/06/029},

Alpgen
@article{2003.Alpgen,
      author    = "Mangano, Michelangelo L. and Moretti, Mauro and Piccinini,
                  Fulvio and Pittau, Roberto and Polosa, Antonio D.",
      title     = "{ALPGEN, a generator for hard multiparton processes in
                  hadronic  collisions}",
      journal   = "JHEP",
      volume    = "{07}",
      year      = "2003",
      pages     = "001",
      eprint    = "0206293",
      archivePrefix = "arXiv",
      primaryClass  =  "hep-ph",
      SLACcitation  = "%%CITATION = HEP-PH/0206293;%%"
}

AcerMC
@article{2004.AcerMC,
    author         = "Kersevan, Borut Paul and Richter-Was, Elzbieta",
    title          = "{The Monte Carlo event generator AcerMC version 2.0 with
                       interfaces to PYTHIA 6.2 and HERWIG 6.5}",
    year           = "2004",
    eprint         = "hep-ph/0405247",
    archivePrefix  = "arXiv",
    primaryClass   = "hep-ph",
    reportNumber   = "TPJU-6-2004",
    SLACcitation   = "%%CITATION = HEP-PH/0405247;%%",
}

PHOTOS
@article{2006.PHOTOS,
      author         = "Golonka, Piotr and Was, Zbigniew",
      title          = "{PHOTOS Monte Carlo: A Precision tool for QED corrections
                        in $Z$ and $W$ decays}",
      journal        = "Eur.Phys.J. C",
      volume         = "{45}",
      pages          = "97-107",
      doi            = "10.1140/epjc/s2005-02396-4",
      year           = "2006",
      eprint         = "hep-ph/0506026",
      archivePrefix  = "arXiv",
      primaryClass   = "hep-ph",
      reportNumber   = "IFJPAN-V-05-01, CERN-PH-TH-2005-091",
      SLACcitation   = "%%CITATION = HEP-PH/0506026;%%",
}

TAUOLA
@article{2012.TAUOLA,
    author         = "Davidson, N. and Nanava, G. and Przedzinski, T. and
                      Richter-Was, E. and Was, Z.",
    title          = "{Universal Interface of TAUOLA Technical and Physics
                      Documentation}",
    journal        = "Comput.Phys.Commun.",
    volume         = "183",
    pages          = "821-843",
    doi            = "10.1016/j.cpc.2011.12.009",
    year           = "2012",
    eprint         = "1002.0543",
    archivePrefix  = "arXiv",
    primaryClass   = "hep-ph",
    reportNumber   = "IFJPAN-IV-2009-10",
    SLACcitation   = "%%CITATION = ARXIV:1002.0543;%%",
}

@article{1969.Bertini,
     author    = "Bertini, H. W.",
     title     = "{Intranuclear-cascade calculation of the secondary nucleon    
                   spectra from nucleon-nucleus interactions in the energy  
                   range 340 to 2900 mev and comparisons with experiment}",
     journal   = "Phys. Rev.",
     volume    = "188",
     year      = "1969",
     pages     = "1711-1730",
}
     doi       = "10.1103/PhysRev.188.1711",
     SLACcitation  = "%%CITATION = PHRVA,188,1711;%%"

@article{1983.PreCompMod,
  title = "Precompound-model analysis of photonuclear reactions",
  author = "Blann, M.  and Berman, B. L. and Komoto, T. T.",
  journal = "Phys. Rev. C",
  publisher = "American Physical Society",
  volume = "28",
  number = "6",
  pages = "2286--2298",
  year = "1983",
}
  % numpages = "12",
  %doi = {10.1103/PhysRevC.28.2286},

@article{1987.FTF-parton-model,
	author = "B. Andersson and G. Gustafson and B. Nilsson-Almqvist",
	title = "A model for low-pT hadronic reactions with generalizations to hadron-nucleus and nucleus-nucleus collisions",
	journal = "Nuclear Physics B",
	volume = "281",
	number = "1-2",
	pages = "289 - 309",
	year = "1987",
}
	note = "",
	issn = "0550-3213",
	doi = "DOI: 10.1016/0550-3213(87)90257-4",

MLM
@article{2002.MLM,
     author    = "Mangano, Michelangelo L. and Moretti, Mauro and Pittau,
                  Roberto",
     title     = "{Multijet matrix elements and shower evolution in hadronic
                  collisions: $W b \bar{b}$ + $n$ jets as a case study}",
     journal   = "Nucl. Phys.",
     volume    = "B632",
     year      = "2002",
     pages     = "343-362"
}
%     doi       = "10.1016/S0550-3213(02)00249-3",
     SLACcitation  = "%%CITATION = HEP-PH/0108069;%%"

CTEQ	
@article{2002.PDF-CTEQ,
     author    = "Pumplin, J. and others",
     title     = "{New generation of parton distributions with uncertainties
                  from global QCD analysis}",
     journal   = "JHEP",
     volume    = "{07}",
     year      = "2002",
     pages     = "012",
     eprint    = "hep-ph/0201195",
     archivePrefix = "arXiv",
     SLACcitation  = "%%CITATION = HEP-PH/0201195;%%"
}

QGS
@article{2003.QGS-parton-model,
     author    = "Folger, G. and Wellisch, J. P.",
     title     = "{String parton models in Geant4}",
     year      = "2003",
     eprint    = "nucl-th/0306007",
     archivePrefix = "arXiv",
     SLACcitation  = "%%CITATION = NUCL-TH/0306007;%%"
}

MRSTLO	
@article{2008.PDF-MRST,
     author    = "Sherstnev, A. and Thorne, R. S.",
     title     = "{Parton distributions for LO generators}",
     journal   = "Eur.Phys.J.C",
     volume    = "{55}",
     year      = "2008",
     pages     = "553-575",
     eprint    = "0711.2473",
     archivePrefix = "arXiv",
     primaryClass  =  "hep-ph",
     doi       = "10.1140/epjc/s10052-008-0610-x",
     SLACcitation  = "%%CITATION = 0711.2473;%%"
}

Perugia2010	
@techreport{2010.Perugia,
     author    = "P.Z. Skands",
     title     = "Tuning Monte Carlo generators: The Perugia tunes",
     year      = "2010",
     eprint    = "1005.3457v3",
     archivePrefix = "arXiv",
     primaryClass  =  "hep-ph",
}

MCNLO Wt production
@article{2008.Frixione.MCNLO-Wt,
     author    = "Frixione, Stefano and Laenen, Eric and Motylinski, Patrick
                  and Webber, Bryan R. and White, Chris D.",
     title     = "{Single-top hadroproduction in association with a W
                  boson}",
     journal   = "JHEP",
     volume    = "07",
     year      = "2008",
     pages     = "029",
     eprint    = "0805.3067",
     archivePrefix = "arXiv",
     primaryClass  =  "hep-ph",
     doi       = "10.1088/1126-6708/2008/07/029",
     SLACcitation  = "%%CITATION = 0805.3067;%%",
}

% will's stuff

@article{2014.madgraph_mcnlo,
      author         = "Alwall, J. and Frederix, R. and Frixione, S. and Hirschi,
                        V. and Maltoni, F. and Mattelaer, O. and Shao, H. -S. and
                        Stelzer, T. and Torrielli, P. and Zaro, M.",
      title          = "{The automated computation of tree-level and
                        next-to-leading order differential cross sections, and
                        their matching to parton shower simulations}",
      journal        = "JHEP",
      volume         = "07",
      year           = "2014",
      pages          = "079",
      doi            = "10.1007/JHEP07(2014)079",
      eprint         = "1405.0301",
      archivePrefix  = "arXiv",
      primaryClass   = "hep-ph",
      reportNumber   = "CERN-PH-TH-2014-064, CP3-14-18, LPN14-066, MCNET-14-09,
                        ZU-TH-14-14",
      SLACcitation   = "%%CITATION = ARXIV:1405.0301;%%"                                                 
}

@article{2013.nnpdf23,
      author         = "Ball, Richard D. and others",
      title          = "{Parton distributions with LHC data}",
      journal        = "Nucl. Phys. B",
      volume         = "867",
      year           = "2013",
      pages          = "244",
      doi            = "10.1016/j.nuclphysb.2012.10.003",
      eprint         = "1207.1303",
      archivePrefix  = "arXiv",
      primaryClass   = "hep-ph",
      reportNumber   = "EDINBURGH-2012-08, IFUM-FT-997, FR-PHENO-2012-014,
			RWTH-TTK-12-25, CERN-PH-TH-2012-037, SFB-CPP-12-47\,
                        --CERN-PH-TH-2012-037",
      SLACcitation   = "%%CITATION = ARXIV:1207.1303;%%"                                                 
}

@article{2011.powhegbox.ww,
      author         = "Jager, Barbara and Zanderighi, Giulia",
      title          = "{NLO corrections to electroweak and QCD production of
                         W+W+ plus two jets in the POWHEGBOX}",
      journal        = "JHEP",
      volume         = "11",
      year           = "2011",
      pages          = "055",
      doi            = "10.1007/JHEP11(2011)055",
      eprint         = "1108.0864",
      archivePrefix  = "arXiv",
      primaryClass   = "hep-ph",
      reportNumber   = "MZ-TH-11-20, OUTP-11-45P",
      SLACcitation   = "%%CITATION = ARXIV:1108.0864;%%"
}

@article{2010.powhegbox,
      author         = "Alioli, Simone and Nason, Paolo and Oleari, Carlo and Re,
                        Emanuele",
      title          = "{A general framework for implementing NLO calculations in
                         shower Monte Carlo programs: the POWHEG BOX}",
      journal        = "JHEP",
      volume         = "06",
      year           = "2010",
      pages          = "043",
      doi            = "10.1007/JHEP06(2010)043",
      eprint         = "1002.2581",
      archivePrefix  = "arXiv",
      primaryClass   = "hep-ph",
      reportNumber   = "DESY-10-018, SFB-CPP-10-22, IPPP-10-11, DCPT-10-22",
      SLACcitation   = "%%CITATION = ARXIV:1002.2581;%%"
}

%CT10                                                                                                    
@article{2010.ct10,
      author         = "Lai, Hung-Liang and Guzzi, Marco and Huston, Joey and Li,
                        Zhao and Nadolsky, Pavel M. and Pumplin, Jon and Yuan, C.
                        -P.",
      title          = "{New parton distributions for collider physics}",
      journal        = "Phys. Rev. D",
      volume         = "82",
      year           = "2010",
      pages          = "074024",
      doi            = "10.1103/PhysRevD.82.074024",
      eprint         = "1007.2241",
      archivePrefix  = "arXiv",
      primaryClass   = "hep-ph",
      reportNumber   = "MSUHEP-100707, SMU-HEP-10-10",
      SLACcitation   = "%%CITATION = ARXIV:1007.2241;%%"                                                 
}