@article{2016.YR4,
    author        = "{de Florian}, D. and others",
    title         = "{Handbook of LHC Higgs Cross Sections: 4. Deciphering the Nature of the Higgs Sector}",
    year          = "2016",
    eprint        = "1610.07922",
    archivePrefix = "arXiv",
    primaryClass  = "hep-ph",
    reportNumber  = "FERMILAB-FN-1025-T"
}
    collaboration = "LHC Higgs Cross Section Working Group",

@article{2008.anti-kt,
    author    = "Cacciari, Matteo and Salam, Gavin P. and Soyez, Gregory",
    title     = "{The anti-$k_{t}$ jet clustering algorithm}",
    journal   = "JHEP",
    volume    = "04",
    year      = "2008",
    pages     = "063",
    eprint    = "0802.1189",
    archivePrefix = "arXiv",
    primaryClass  =  "hep-ph",
    doi       = "10.1088/1126-6708/2008/04/063",
    SLACcitation  = "%%CITATION = 0802.1189;%%"
}

@article{2006.fastjet,
     author    = "Cacciari, Matteo and Salam, Gavin P.",
     title     = "{Dispelling the $N^{3}$ myth for the $k_t$ jet-finder}",
     journal   = "Phys. Lett.",
     volume    = "B641",
     year      = "2006",
     pages     = "57-61",
     eprint    = "0512210",
     archivePrefix = "arXiv",
     primaryClass  =  "hep-ph",
     doi       = "10.1016/j.physletb.2006.08.037",
     SLACcitation  = "%%CITATION = HEP-PH/0512210;%%"
}

@misc{ROOT,
    title = "{ROOT}",
    howpublished = "\href{http://root.cern.ch}{http://root.cern.ch}",
    year = "2013",
}

@article{2007.TMVA,
   author = "{Hoecker}, A. and others", 
    title = "{TMVA - Toolkit for Multivariate Data Analysis}",
   eprint = {arXiv:physics/0703039},
     year = 2007,
   adsurl = {http://adsabs.harvard.edu/abs/2007physics...3039H},
  adsnote = {Provided by the SAO/NASA Astrophysics Data System}
}
 keywords = {Physics - Data Analysis, Statistics and Probability},
  journal = {ArXiv Physics e-prints},

LHC
@article{2008.LHC,
    author       = "Evans, Lyndon R. and Bryant, Philip",
    title        = "{LHC Machine}",
    journal      = "JINST",
    volume       = "{3}",
    year         = "2008",
    pages        = "S08001",
    url          = "https://cds.cern.ch/record/1129806",
    note         = "This report is an abridged version of the LHC Design Report (CERN-2004-003)",
}

CMS detector paper
@article{2008.CMS-detector,
    author         = "",
    collaboration  = "{CMS}",
    title="{The CMS experiment at the CERN LHC}",
    journal      = "JINST",
    volume="{3}",
    number={08},
    pages={S08004},
    year={2008},
}
    url={http://stacks.iop.org/1748-0221/3/i=08/a=S08004},

@article{minuit,
     author    = "James, F. and Roos, M.",
     title     = "{Minuit: A System for Function Minimization and Analysis of
                  the Parameter Errors and Correlations}",
     journal   = "Comput. Phys. Commun.",
     volume    = "10",
     year      = "1975",
     pages     = "343-367",
     doi       = "10.1016/0010-4655(75)90039-9",
     SLACcitation  = "%%CITATION = CPHCB,10,343;%%"
}

@article{1987.KalmanFilter,
     author    = "Fruhwirth, R.",
     title     = "{Application of Kalman filtering to track and vertex fitting}",
     journal   = "Nucl. Instrum. Meth.",
     volume    = "A262",
     year      = "1987",
     pages     = "444-450",
     doi       = "10.1016/0168-9002(87)90887-4",
}

@article{2015.SimplifiedModels,
     author    = "Abdallah, J. and others",
     title     = "{Simplified Models for Dark Matter Searches at the LHC}",
     journal   = "Phys. Dark Univ.",
     volume    = "9-10",
     year      = "2015",
     pages     = "8-23",
     doi       = "10.1016/j.dark.2015.08.001",
     eprint    = "1506.03116",
     archivePrefix = "arXiv",
     primaryClass = "hep-ph",
}

@article{2014.Planck,
     title     = "{Planck 2013 Results. XVI. Cosmological parameters}",
     collaboration = "Planck",
     journal   = "Astron. Astrophys.",
     volume    = "571",
     year      = "2014",
     pages     = "A16",
     doi       = "10.1051/0004-6361/201321591",
     eprint    = "1303.5076",
     archivePrefix = "arXiv",
     primaryClass = "astro-ph.CO",
}

@article{2016.HiggsPortalSummary,
     author    = "Beniwal, A. and others",
     title     = "{Combined analysis of effective Higgs portal dark matter models}",
     journal   = "Phys. Rev. D",
     volume    = "93",
     year      = "2016",
     number    = "11",
     pages     = "115016",
     doi       = "10.1103/PhysRevD.93.115016",
     eprint    = "1512.06458",
     archivePrefix = "arXiv",
     primaryClass = "hep-ph",
}

@article{2000.MACHO,
     collaboration = "MACHO",
     title     = "{The MACHO project: Microlensing results from 5.7 years of LMC observations}",
     journal   = "Astrophys. J.",
     volume    = "542",
     year      = "2000",
     pages     = "281-307",
     doi       = "10.1086/309512",
     eprint    = "astro-ph/0001272",
     archivePrefix = "arXiv",
     primaryClass  = "astro-ph",
}

@article{2007.EROS-2,
     collaboration = "EROS-2",
     title     = "{Limits on the Macho Content of the Galactic Halo from the EROS-2 Survey of the Magellanic Clouds}",
     journal   = "Astron. Astrophys.",
     volume    = "469",
     year      = "2007",
     pages     = "387-404",
     doi       = "10.1051/0004-6361:20066017",
     eprint    = "astro-ph/0607207",
     archivePrefix = "arXiv",
     primaryClass  = "astro-ph",
}

@article{2011.Asymptotics,
     author    = "Cowan, G. and Cranmer, K. and Gross, E. and Vitells, O.",
     title     = "{Asymptotic formulae for likelihood-based tests of new physics}",
     journal   = "Eur. Phys. J. C",
     volume    = "71",
     year      = "2011",
     pages     = "1554",
     doi       = "10.1140/epjc/s10052-011-1554-0",
     note      = "[Erratum: Eur. Phys. J. C 73 (2013) 2501]",
     eprint    = "1007.1727",
     archivePrefix = "arXiv",
     primaryClass  = "physics.data-an",
}

@article{2002.CLs,
     author    = "Read, A. L.",
     title     = "{Presentation of search results: the CL$_{s}$ technique}",
     journal   = "J. Phys. G",
     number    = "10",
     volume    = "28",
     pages     = "2693-2704",
     year      = "2002",
     doi       = "10.1088/0954-3899/28/10/313",
}

@article{2017.Lindert,
     author    = "Lindert, J. M. and others",
     title     = "{Precise predictions for $V+$jets dark matter backgrounds}",
     journal   = "Eur. Phys. J. C",
     volume    = "77",
     year      = "2017",
     number    = "12",
     pages     = "829",
     doi       = "10.1140/epjc/s10052-017-5389-1",
     eprint    = "1705.04664",
     archivePrefix = "arXiv",
     primaryClass  = "hep-ph",
}

@article{2012.StewartTackmann,
     author    = "Stewart, Iain W. and Tackmann, Frank J.",
     title     = "{Theory Uncertainties for Higgs and Other Searches Using Jet Bins}",
     journal   = "Phys. Rev. D",
     volume    = "85",
     year      = "2012",
     pages     = "034011",
     doi       = "10.1103/PhysRevD.85.034011",
     eprint    = "1107.2117",
     archivePrefix = "arXiv",
     primaryClass  = "hep-ph",
}

@article{2017.Bauer,
     author    = "Bauer, Martin and Haisch, Ulrich and Kahlhoefer, Felix",
     title     = "{Simplified dark matter models with two Higgs doublets: I. Pseudoscalar mediators}",
     journal   = "JHEP",
     volume    = "05",
     year      = "2017",
     pages     = "138",
     doi       = "10.1007/JHEP05(2017)138",
     eprint    = "1701.07427",
     archivePrefix = "arXiv",
     primaryClass  = "hep-ph",
}

@article{2012.Branco,
     author    = "Branco, G. C. and others",
     title     = "{Theory and phenomenology of two-Higgs-doublet models}",
     journal   = "Phys. Rept.",
     volume    = "516",
     year      = "2012",
     pages     = "1-102",
     doi       = "10.1016/j.physrep.2012.02.002",
     eprint    = "1106.0034",
     archivePrefix = "arXiv",
     primaryClass  = "hep-ph",
}

@article{2010.Kanemura,
     author    = "Kanemura, S. and Matsumoto, S. and Nabeshima, T. and Okada, N.",
     title     = "{Can WIMP Dark Matter overcome the Nightmare Scenario?}",
     journal   = "Phys. Rev. D",
     volume    = "82",
     year      = "2010",
     pages     = "055026",
     doi       = "10.1103/PhysRevD.82.055026",
     eprint    = "1005.5651",
     archivePrefix = "arXiv",
     primaryClass  = "hep-ph",
}

@article{2012.Djouadi,
     author    = "Djouadi, A. and Lebedev, O. and Mambrini, Y. and Quevillon, J.",
     title     = "{Implications of LHC searches for Higgs--portal dark matter}",
     journal   = "Phys. Lett. B",
     volume    = "709",
     year      = "2012",
     pages     = "65-69",
     doi       = "10.1016/j.physletb.2012.01.062",
     eprint    = "1112.3299",
     archivePrefix = "arXiv",
     primaryClass  = "hep-ph",
}

@article{2014.Curtin,
     author    = "Curtin, David and others",
     title     = "{Exotic decays of the 125 GeV Higgs boson}",
     journal   = "Phys. Rev. D",
     volume    = "90",
     year      = "2014",
     pages     = "075004",
     doi       = "10.1103/PhysRevD.90.075004",
     eprint    = "1312.4992",
     archivePrefix = "arXiv",
     primaryClass  = "hep-ph",
}

@article{2013.Belanger,
     author    = "Belanger, G. and others",
     title     = "{Status of Invisible Higgs decays}",
     journal   = "Phys. Lett. B",
     volume    = "723",
     year      = "2013",
     pages     = "340-347",
     doi       = "10.1016/j.physletb.2013.05.024",
     eprint    = "1302.5694",
     archivePrefix = "arXiv",
     primaryClass  = "hep-ph",
}

@book{1984.halzen-martin,
     author    = "Halzen, F. and Martin, A. D.",
     title     = "Quarks and Leptons: An Introductory Course in Modern Particle Physics",
     publisher = "John Wiley \& Sons",
     year      = "1984",
     isbn      = "0471887412",
}

@book{1995.Peskin,
     author    = "Peskin, M. E. and Schroeder, D. V.",
     title     = "An Introduction to Quantum Field Theory",
     publisher = "Addison-Wesley",
     year      = "1995",
     isbn      = "0201503972",
}

@book{1995.Weinberg,
     author    = "Weinberg, S.",
     title     = "The Quantum Theory of Fields, Volume 1: Foundations",
     publisher = "Cambridge University Press",
     year      = "1995",
     isbn      = "0521550017",
}

@book{2007.Srednicki,
     author    = "Srednicki, M.",
     title     = "Quantum Field Theory",
     publisher = "Cambridge University Press",
     year      = "2007",
     isbn      = "0521864496",
}

@article{2006.Clowe,
     author    = "Clowe, D. and others",
     title     = "{A direct empirical proof of the existence of dark matter}",
     journal   = "Astrophys. J.",
     volume    = "648",
     year      = "2006",
     pages     = "L109-L113",
     doi       = "10.1086/508162",
     eprint    = "astro-ph/0608407",
     archivePrefix = "arXiv",
     primaryClass  = "astro-ph",
}

@article{2016.LUX,
     collaboration = "LUX",
     title     = "Results on the Spin-Dependent Scattering of Weakly Interacting Massive Particles on Nucleons from the Run 3 Data of the LUX Experiment",
     journal   = "Phys. Rev. Lett.",
     volume    = "116",
     year      = "2016",
     pages     = "161302",
     doi       = "10.1103/PhysRevLett.116.161302",
     eprint    = "1602.03489",
     archivePrefix = "arXiv",
     primaryClass  = "hep-ex",
}

@article{2017.LUX,
     collaboration = "LUX",
     title     = "{Results from a Search for Dark Matter in the Complete LUX Exposure}",
     journal   = "Phys. Rev. Lett.",
     volume    = "118",
     year      = "2017",
     pages     = "021303",
     doi       = "10.1103/PhysRevLett.118.021303",
     eprint    = "1608.07648",
     archivePrefix = "arXiv",
     primaryClass  = "astro-ph.CO",
}

@article{2012.XENON100,
     collaboration = "XENON100",
     title   = "{Dark Matter Results from 225 Live Days of XENON100 Data}",
     journal = "Phys. Rev. Lett.",
     volume  = "109",
     year    = "2012",
     pages   = "181301",
     doi     = "10.1103/PhysRevLett.109.181301",
     eprint  = "1207.5988",
     archivePrefix = "arXiv",
     primaryClass  = "astro-ph.CO",
}

@article{2013.XENON100,
     collaboration = "XENON100",
     title   = "{Limits on Spin-Dependent WIMP-Nucleon Cross Sections from 225 Live Days of XENON100 Data}",
     journal = "Phys. Rev. Lett.",
     volume  = "111",
     year    = "2013",
     pages   = "021301",
     doi     = "10.1103/PhysRevLett.111.021301",
     eprint  = "1301.6620",
     archivePrefix = "arXiv",
     primaryClass  = "astro-ph.CO",
}

@article{2017.XENON100,
     collaboration = "XENON",
     title   = "{Search for WIMP inelastic scattering off xenon nuclei with XENON100}",
     journal = "Phys. Rev. D",
     volume  = "96",
     year    = "2017",
     pages   = "022008",
     doi     = "10.1103/PhysRevD.96.022008",
     eprint  = "1705.05830",
     archivePrefix = "arXiv",
     primaryClass  = "hep-ex",
}

@article{2017.XENON1T,
     collaboration = "XENON",
     title   = "{First Dark Matter Search Results with XENON1T}",
     journal = "Phys. Rev. Lett.",
     volume  = "119",
     year    = "2017",
     pages   = "181301",
     doi     = "10.1103/PhysRevLett.119.181301",
     eprint  = "1705.06655",
     archivePrefix = "arXiv",
     primaryClass  = "astro-ph.CO",
}

@article{2009.FermiLAT,
     collaboration = "Fermi-LAT",
     title   = "{The Large Area Telescope on the Fermi Gamma-ray Space Telescop Mission}",
     journal = "Astrophys. J.",
     volume  = "697",
     year    = "2009",
     pages   = "1071-1102",
     doi     = "10.1088/0004-637X/697/2/1071",
     eprint  = "0902.1089",
     archivePrefix = "arXiv",
     primaryClass  = "astro-ph.IM",
}

@article{2014.AMS,
     collaboration = "AMS",
     title   = "{High Statistics Measurement of the Positron Fraction in Primary Cosmic Rays of 0.5--500 GeV with the Alpha Magnetic Spectrometer on the International Space Station}",
     journal = "Phys. Rev. Lett.",
     volume  = "113",
     pages   = "121101",
     year    = "2014",
     doi     = "10.1103/PhysRevLett.113.121101",
}

@article{2016.AMS,
     collaboration = "AMS",
     title   = "{Antiproton Flux, Antiproton-to-Proton flux Ratio, and Properties of Elementary Particle Fluxes in Primary Cosmic Rays Measured with the Alpha Magnetic Spectrometer on the International Space Station}",
     journal = "Phys. Rev. Lett.",
     volume  = "117",
     pages   = "091103",
     year    = "2016",
     doi     = "10.1103/PhysRevLett.117.091103",
}

@inproceedings{2014.Conrad,
     author  = "Conrad, J.",
     title   = "Indirect Detection of WIMP Dark Matter: a compact review",
     booktitle = "{Interplay between Particle and Astroparticle physics (IPA2014) London, United Kingdom, August 18-22, 2014}",
     year    = "2014",
     eprint  = "1411.1925",
     archivePrefix = "arXiv",
     primaryClass  = "hep-ph",
}

@article{2017.Hoferichter,
     author  = "Hoferichter, M. and Klos, P. and Men{\'e}ndez, J. and Schwenk, A,",
     title   = "{Improved limits for Higgs-portal dark matter from LHC searches}",
     journal = "Phys. Rev. Lett.",
     volume  = "119",
     year    = "2017",
     pages   = "181803",
     doi     = "10.1103/PhysRevLett.119.181803",
     eprint  = "1708.02245",
     archivePrefix = "arXiv",
     primaryClass  = "hep-ph",
}

@article{2014.Baek,
     author  = "Baek, Seungwon and Ko, P. and Park, Wan-Il",
     title   = "{Invisible Higgs Decay Width vs. Dark Matter Direct Detection Cross Section in Higgs Portal Dark Matter Models}",
     journal = "Phys. Rev. D",
     volume  = "90",
     year    = "2014",
     pages   = "055014",
     doi     = "10.1103/PhysRevD.90.055014",
     eprint  = "1405.3530",
     archivePrefix = "arXiv",
     primaryClass  = "hep-ph",
}

@article{2012.DAMIC,
     author  = "Barreto, J. and others",
     title   = "{Direct Search for Low Mass Dark Matter Particles with CCDs}",
     journal = "Phys. Lett. B",
     volume  = "711",
     year    = "2012",
     pages   = "264-269",
     doi     = "10.1016/j.physletb.2012.04.006",
     eprint  = "1105.5191",
     archivePrefix = "arXiv",
     primaryClass  = "astro-ph.IM",
}

@article{2016.CDMSLite,
     collaboration = "SuperCDMS",
     title   = "{New Results from the Search for Low-Mass Weakly Interacting Massive Particles with the CDMS Low Ionization Threshold Experiment}",
     journal = "Phys. Rev. Lett.",
     volume  = "116",
     pages   = "071301",
     year    = "2016",
     doi     = "10.1103/PhysRevLett.116.071301",
     eprint  = "1509.02448",
     archivePrefix = "arXiv",
     primaryClass  = "astro-ph.CO",
}

@article{2017.PICO,
     collaboration = "PICO",
     title   = "{Dark Matter Search Results from the PICO-60 C$_3$F$_8$ Bubble Chamber}",
     journal = "Phys. Rev. Lett.",
     volume  = "118",
     year    = "2017",
     pages   = "251301",
     doi     = "10.1103/PhysRevLett.118.251301",
     eprint  = "1702.07666",
     archivePrefix = "arXiv",
     primaryClass  = "astro-ph.CO",
}

@article{2017.PandaX,
     collaboration = "PandaX-II",
     title   = "{Dark Matter Results From 54-Ton-Day Exposure of PandaX-II Experiment}",
     journal = "Phys. Rev. Lett.",
     volume  = "119",
     year    = "2017",
     pages   = "181302",
     doi     = "10.1103/PhysRevLett.119.181302",
     eprint  = "1708.06917",
     archivePrefix = "arXiv",
     primaryClass  = "astro-ph.CO",

}
