% quartic gauge couplings
@article{1995.qgcs,
      author        = "Godfrey, S",
      title         = "{Quartic gauge boson couplings}",
      number        = "hep-ph/9505252. OCIP-C-95-5",
      month         = "May",
      year          = "1995",
      reportNumber  = "hep-ph/9505252",
      url           = "https://cds.cern.ch/record/281467",
}

%asymptotic freedom
@article{1973.asymptotically-free-i,
      author         = "Gross, D. J. and Wilczek, Frank",
      title          = "{Asymptotically Free Gauge Theories - I}",
      journal        = "Phys. Rev.",
      volume         = "D8",
      year           = "1973",
      pages          = "3633-3652",
      doi            = "10.1103/PhysRevD.8.3633",
      reportNumber   = "NAL-PUB-73-49-THY, FERMILAB-PUB-73-049-T",
      SLACcitation   = "%%CITATION = PHRVA,D8,3633;%%"
}

@article{1974.asymptotically-free-ii,
      author         = "Gross, D. J. and Wilczek, Frank",
      title          = "{ASYMPTOTICALLY FREE GAUGE THEORIES. 2.}",
      journal        = "Phys. Rev.",
      volume         = "D9",
      year           = "1974",
      pages          = "980-993",
      doi            = "10.1103/PhysRevD.9.980",
      SLACcitation   = "%%CITATION = PHRVA,D9,980;%%"
}

@article{1973.strong-perturbation,
      author         = "Politzer, H. David",
      title          = "{Reliable Perturbative Results for Strong Interactions?}",
      journal        = "Phys. Rev. Lett.",
      volume         = "30",
      year           = "1973",
      pages          = "1346-1349",
      doi            = "10.1103/PhysRevLett.30.1346",
      note           = "[,274(1973)]",
      SLACcitation   = "%%CITATION = PRLTA,30,1346;%%"
}